@article{dummy,
  title={A Dummy Article For Bibliography},
  author={Dow, John},
  journal={The fake journal of mathematics},
  year={2000}
}